@misc{stackedgan,
Author = {Xun Huang and Yixuan Li and Omid Poursaeed and John Hopcroft and Serge Belongie},
Title = {Stacked Generative Adversarial Networks},
Year = {2016},
Eprint = {arXiv:1612.04357}
}

@misc{t2im,
Author = {Scott Reed and Zeynep Akata and Xinchen Yan and Lajanugen Logeswaran and Bernt Schiele and Honglak Lee},
Title = {Generative Adversarial Text to Image Synthesis},
Year = {2016},
Eprint = {arXiv:1605.05396},
}

@misc{sg2im,
Author = {Justin Johnson and Agrim Gupta and Li Fei-Fei},
Title = {Image Generation from Scene Graphs},
Year = {2018},
Eprint = {arXiv:1804.01622},
}

@misc{sg2imgcontext,
Author = {Subarna Tripathi and Anahita Bhiwandiwalla and Alexei Bastidas and Hanlin Tang},
Title = {Using Scene Graph Context to Improve Image Generation},
Year = {2019},
Eprint = {arXiv:1901.03762},
}

@misc{cocostuff,
Author = {Holger Caesar and Jasper Uijlings and Vittorio Ferrari},
Title = {COCO-Stuff: Thing and Stuff Classes in Context},
Year = {2016},
Eprint = {arXiv:1612.03716},
}

@misc{visualgen,
Author = {Ranjay Krishna and Yuke Zhu and Oliver Groth and Justin Johnson and Kenji Hata and Joshua Kravitz and Stephanie Chen and Yannis Kalantidis and Li-Jia Li and David A. Shamma and Michael S. Bernstein and Fei-Fei Li},
Title = {Visual Genome: Connecting Language and Vision Using Crowdsourced Dense Image Annotations},
Year = {2016},
Eprint = {arXiv:1602.07332},
}

@misc{inception,
Author = {Tim Salimans and Ian Goodfellow and Wojciech Zaremba and Vicki Cheung and Alec Radford and Xi Chen},
Title = {Improved Techniques for Training GANs},
Year = {2016},
Eprint = {arXiv:1606.03498},
}

@misc{crn,
Author = {Qifeng Chen and Vladlen Koltun},
Title = {Photographic Image Synthesis with Cascaded Refinement Networks},
Year = {2017},
Eprint = {arXiv:1707.09405},
}

@misc{gan,
Author = {Ian J. Goodfellow,
Jean Pouget-Abadie, Mehdi Mirza, Bing Xu, David Warde-Farley, Sherjil Ozair,Aaron Courville and Yoshua Bengio},
Title = {Generative Adversarial Nets},
Year = {2014},
Eprint = {arXiv:1406.2661}
}

@misc{attengan,
Author = {Tao Xu, Pengchuan Zhang, Qiuyuan Huang,
Han Zhang, Zhe Gan, Xiaolei Huang, Xiaodong He},
Title = {AttnGAN: Fine-Grained Text to Image Generation with Attentional Generative Adversarial Networks},
Year = {2017},
Eprint = {arXiv:1711.10485}
}

@misc{stylegan,
Author = {Tero Karras, Samuli Laine and Timo Aila},
Title = {A Style-Based Generator Architecture for Generative Adversarial Networks},
Year = {2019},
Eprint = {arXiv:1812.04948}
}

@misc{scenegraph,
Author = {Sebastian Schuster, Ranjay Krishna, Angel Chang,Li Fei-Fei, and Christopher D. Manning},
Title = {Generating Semantically Precise Scene Graphs from Textual Descriptions for Improved Image Retrieval},
Year = {2015},
Eprint = {arXiv:1812.04948}
}

@misc{scenelayout,
Author = {Seunghoon Hongy, Dingdong Yangy, Jongwook Choiy and Honglak Lee},
Title = {Inferring Semantic Layout for Hierarchical Text-to-Image Synthesis},
Year = {2018},
Eprint = {arXiv:1801.05091}
}

@misc{visualgenome,
Author = {Ranjay Krishna, Yuke Zhu, Oliver Groth, Justin Johnson, Kenji Hata, Joshua Kravitz, Stephanie Chen, Yannis Kalantidis, Li-Jia Li, David A. Shamma, Michael S. Bernstein and Li Fei-Fei},
Title = {Visual Genome: Connecting Language and Vision Using Crowdsourced Dense Image Annotations},
Year = {2016},
Eprint = {arXiv:1602.07332}
}

\end{thebibliography}

